=LDR  00582aam a2200205   4500
=001  538584
=005  20171205162221.0
=006  m\\\\\o\\|\\\\\\\\
=007  cr\|||||||||||
=008  100916|||||||||||||||||o||||||||\||eng||
=042  1\$adc
=050  10$aPR
=100  1\$aStevenson, Burton Egbert,$d1872-1962.
=245  14$aThe Home Book of Verse: Volume 4 /$cStevenson, Burton Egbert
=500  1\$aProject Gutenberg
=506  1\$aFreely available.
=516  1\$aElectronic text
=810  2\$aProject Gutenberg ;$v2622.
=856  40$uhttps://www.gutenberg.org/etext/2622
=999  \\$c0$i0$j0$k0$z0$!2

