=LDR  01220nam a2200337Ki 4500
=001  2689815
=035  \\$a(OCoLC)PG84
=005  20240229144117.0
=006  m||||||||d||||||||
=007  cr||n\|||muaua
=008  101213s1993\\\\utu\\\\\o\\\\\\\\\\\eng\d
=042  \\$adc
=092  0\$aEBOOK
=245  00$aFrankenstein$h[EBOOK].
=260  \\$aSalt Lake City :$bProject Gutenberg Literary Archive Foundation,$c1993.
=300  \\$a1 online resource :$bmultiple file formats.
=500  \\$aRecords generated from Project Gutenberg RDF data.
=500  \\$aISO 639-2 language code: en
=540  \\$aApplicable license: https://www.gutenberg.org/license
=650  \0$aScience fiction.
=650  \0$aHorror tales.
=650  \0$aScientists$vFiction.
=650  \0$aMonsters$vFiction.
=650  \0$aFrankenstein, Victor (Fictitious character)$vFiction.
=600  00$aFrankenstein's Monster$c(Fictitious character)$vFiction.
=655  \7$aElectronic books.
=700  1\$aShelley, Mary Wollstonecraft,$d1797-1851,$eauthor.
=710  2\$aProject Gutenberg.
=856  40$uhttps://www.gutenberg.org/etext/84$zClick here to access a downloadable ebook.
=907  \\$a.b12755886$b180217$c110113
=999  \\$bEBOOK$c0$i0$j0$k0$xEBOOK$z0$!2

