=LDR  01184nam a2200349Ki 4500
=001  2689512
=035  \\$a(OCoLC)PG1342
=005  20181130145156.0
=006  m||||||||d||||||||
=007  cr||n\|||muaua
=008  101213s1998\\\\utu\\\\\o\\\\\\\\\\\eng\d
=042  \\$adc
=092  0\$aEBOOK
=100  1\$aAusten, Jane,$d1775-1817.
=245  00$aPride and Prejudice /$cAusten, Jane
=260  \\$aSalt Lake City :$bProject Gutenberg Literary Archive Foundation,$c1998.
=300  \\$a1 online resource :$bmultiple file formats.
=500  \\$aRecords generated from Project Gutenberg RDF data.
=500  \\$aISO 639-2 language code: en
=540  \\$aApplicable license: https://www.gutenberg.org/license
=650  \0$aYoung women$vFiction.
=650  \0$aLove stories.
=650  \0$aSisters$vFiction.
=650  \0$aDomestic fiction.
=650  \0$aCourtship$vFiction.
=650  \0$aSocial classes$vFiction.
=651  \0$aEngland$vFiction.
=655  \7$aElectronic books.
=700  1\$aAusten, Jane,$d1775-1817,$eauthor.
=710  2\$aProject Gutenberg.
=856  40$uhttpss://www.gutenberg.org/etext/1342$zClick here to access a downloadable ebook.
=907  \\$a.b12752800$b180217$c110113
=999  \\$bEBOOK$c0$i0$j0$k0$xEBOOK$z0$!2

