=LDR  01201nam a2200349Ki 4500
=001  2689457
=035  \\$a(OCoLC)PG2701
=005  20101215142000.0
=006  m||||||||d||||||||
=007  cr||n\|||muaua
=008  101213s2001\\\\utu\\\\\o\\\\\\\\\\\eng\d
=042  \\$adc
=092  0\$aEBOOK
=100  1\$aMelville, Herman.
=245  00$aMoby Dick, or, the whale /$cHerman Melville.
=260  \\$aSalt Lake City :$bProject Gutenberg Literary Archive Foundation,$c2001.
=300  \\$a1 online resource :$bmultiple file formats.
=500  \\$aRecords generated from Project Gutenberg RDF data.
=500  \\$aISO 639-2 language code: en
=540  \\$aApplicable license: https://www.gutenberg.org/license
=650  \0$aWhaling$vFiction.
=650  \0$aSea stories.
=650  \0$aAdventure stories.
=650  \0$aAllegories.
=650  \0$aEpic literature.
=650  \0$aAhab, Captain (Fictitious character)$vFiction.
=650  \0$aWhales$vFiction.
=655  \7$aElectronic books.
=700  1\$aMelville, Herman,$d1819-1891,$eauthor.
=710  2\$aProject Gutenberg.
=856  40$uhttpss://www.gutenberg.org/etext/2701$zClick here to access a downloadable ebook.
=907  \\$a.b12752253$b180217$c110113
=999  \\$bEBOOK$c0$i0$j0$k0$xEBOOK$z0$!2

