=LDR  01199nam a2200337Ki 4500
=001  2689542
=035  \\$a(OCoLC)PG1112
=005  20101216084900.0
=006  m||||||||d||||||||
=007  cr||n\|||muaua
=008  101213s1997\\\\utu\\\\\o\\\\\\\\\\\eng\d
=042  \\$adc
=092  0\$aEBOOK
=100  1\$aShakespeare, William,$d1564-1616.
=245  00$aRomeo and Juliet /$cShakespeare, William
=260  \\$aSalt Lake City :$bProject Gutenberg Literary Archive Foundation,$c1997.
=300  \\$a1 online resource :$bmultiple file formats.
=500  \\$aRecords generated from Project Gutenberg RDF data.
=500  \\$aISO 639-2 language code: en
=540  \\$aApplicable license: http://www.gutenberg.org/license
=650  \0$aVendetta$vDrama.
=650  \0$aYouth$vDrama.
=650  \0$aJuliet (Fictitious character)$vDrama.
=650  \0$aRomeo (Fictitious character)$vDrama.
=650  \0$aConflict of generations$vDrama.
=651  \0$aVerona (Italy)$vDrama.
=655  \7$aElectronic books.
=700  1\$aShakespeare, William,$d1564-1616,$eauthor.
=710  2\$aProject Gutenberg.
=856  40$uhttps://www.gutenberg.org/etext/1112$zClick here to access a downloadable ebook.
=907  \\$a.b12753105$b180217$c110113
=999  \\$bEBOOK$c0$i0$j0$k0$xEBOOK$z0$!2

