=LDR  01280nam a2200373Ki 4500
=001  2689456
=035  \\$a(OCoLC)PG145
=005  20101215141900.0
=006  m||||||||d||||||||
=007  cr||n\|||muaua
=008  101213s1994\\\\utu\\\\\o\\\\\\\\\\\eng\d
=042  \\$adc
=092  0\$aEBOOK
=100  1\$aEliot, George,$d1890-1880.
=245  00$aMiddlemarch /$cGeorge Eliot.
=260  \\$aSalt Lake City :$bProject Gutenberg Literary Archive Foundation,$c1994.
=300  \\$a1 online resource :$bmultiple file formats.
=500  \\$aRecords generated from Project Gutenberg RDF data.
=500  \\$aISO 639-2 language code: en
=540  \\$aApplicable license: http://www.gutenberg.org/license
=650  \0$aDidactic fiction.
=650  \0$aCity and town life$vFiction.
=650  \0$aYoung women$vFiction.
=650  \0$aLove stories.
=650  \0$aDomestic fiction.
=650  \0$aMarried people$vFiction.
=650  \0$aBildungsromans.
=651  \0$aEngland$xSocial life and customs$y19th century$vFiction.
=651  \0$aEngland$vFiction.
=655  \7$aElectronic books.
=700  1\$aEliot, George,$d1819-1880.
=710  2\$aProject Gutenberg.
=856  40$uhttps://www.gutenberg.org/etext/145$zClick here to access a downloadable ebook.
=907  \\$a.b12752241$b180217$c110113
=999  \\$bEBOOK$c0$i0$j0$k0$xEBOOK$z0$!2

