=LDR  00581aam a2200205   4500
=001  515970
=005  20171205144706.0
=006  m\\\\\o\\|\\\\\\\\
=007  cr\|||||||||||
=008  100916|||||||||||||||||o||||||||\||eng||
=042  1\$adc
=050  10$aPR
=100  1\$aForster, E. M.$q(Edward Morgan),$d1879-1970.
=245  12$aA Room with a View /$cForster, E. M. (Edward Morgan)
=500  1\$aProject Gutenberg
=506  1\$aFreely available.
=516  1\$aElectronic text
=650  17$aNonfiction.
=650  \7$aEssays.
=650  \7$aLanguage Arts.
=650  \7$aStudy Aids & Workbooks.
=810  2\$aProject Gutenberg ;$v2641.
=856  40$uhttps://www.gutenberg.org/etext/2641
=999  \\$c0$i0$j0$k0$z0$!2

