=LDR  00638aam a2200217   4500
=001  541393
=005  20171205164114.0
=006  m\\\\\o\\|\\\\\\\\
=007  cr\|||||||||||
=008  100916|||||||||||||||||o||||||||\||eng||
=042  1\$adc
=050  10$aPR
=100  1\$aShakespeare, William,$d1564-1616.
=245  14$aThe Complete Works of William Shakespeare /$cShakespeare, William
=500  1\$aProject Gutenberg
=506  1\$aFreely available.
=516  1\$aElectronic text
=650  10$aDrama$xElectronic information resources.
=810  2\$aProject Gutenberg ;$v100.
=856  40$uhttps://www.gutenberg.org/etext/100
=999  \\$c0$i0$j0$k0$z0$!2

