=LDR  00529aam a2200193   4500
=001  540937
=005  20171205163739.0
=006  m\\\\\o\\|\\\\\\\\
=007  cr\|||||||||||
=008  100916|||||||||||||||||o||||||||\||eng||
=042  1\$adc
=100  1\$aAlcott, Louisa May,$d1832-1888.
=245  10$aLittle Women /$cAlcott, Louisa May
=500  1\$aProject Gutenberg
=506  1\$aFreely available.
=516  1\$aElectronic text
=650  \0$aSisters$vFiction.
=650  \0$aFamilies$zNew England$vFiction.
=650  \0$aMarch family (Fictitious characters)$vFiction.
=651  \0$aNew England$vFiction.
=810  2\$aProject Gutenberg ;$v514.
=856  40$uhttps://www.gutenberg.org/etext/514
=999  \\$c0$i0$j0$k0$z0$!2

