=LDR  00544aam a2200193   4500
=001  526980
=005  20171205152008.0
=006  m\\\\\o\\|\\\\\\\\
=007  cr\|||||||||||
=008  100916|||||||||||||||||o||||||||\||eng||
=042  1\$adc
=100  1\$aVon Arnim, Elizabeth,$d1866-1941.
=245  14$aThe Enchanted April /$cArnim, Elizabeth von
=500  1\$aProject Gutenberg
=506  1\$aFreely available.
=516  1\$aElectronic text
=810  2\$aProject Gutenberg ;$v16389.
=856  40$uhttps://www.gutenberg.org/etext/16389
=999  \\$c0$i0$j0$k0$z0$!2

