=LDR  00562aam a2200205   4500
=001  541074
=005  20171205163925.0
=006  m\\\\\o\\|\\\\\\\\
=007  cr\|||||||||||
=008  100916|||||||||||||||||o||||||||\||eng||
=042  1\$adc
=050  10$aPR
=100  1\$aGaskell, Elizabeth Cleghorn,$d1810-1865.
=245  10$aCranford /$cGaskell, Elizabeth Cleghorn
=500  1\$aProject Gutenberg
=506  1\$aFreely available.
=516  1\$aElectronic text
=650  17$aFiction.
=650  \7$aClassic Literature.
=650  \7$aDrama.
=650  \7$aRomance.
=810  2\$aProject Gutenberg ;$v394.
=856  40$uhttps://www.gutenberg.org/etext/394
=999  \\$c0$i0$j0$k0$z0$!2

