=LDR  00580aam a2200205   4500
=001  539081
=005  20171205162536.0
=006  m\\\\\o\\|\\\\\\\\
=007  cr\|||||||||||
=008  100916|||||||||||||||||o||||||||\||eng||
=042  1\$adc
=050  10$aPR
=100  1\$aSmollett, T.$q(Tobias),$d1721-1771.
=245  14$aThe Expedition of Humphry Clinker /$cSmollett, Tobias George
=500  1\$aProject Gutenberg
=506  1\$aFreely available.
=516  1\$aElectronic text
=810  2\$aProject Gutenberg ;$v2160.
=856  40$uhttps://www.gutenberg.org/etext/2160
=999  \\$c0$i0$j0$k0$z0$!2






